<record><leader>00000cas a22000007a 4500</leader><controlfield tag="001">39108367</controlfield><controlfield tag="008">980513d19261926waudr ne      0    0eng d</controlfield><datafield ind1=" " ind2=" " tag="010"><subfield code="a">sn 98060223 </subfield></datafield><datafield ind1=" " ind2=" " tag="040"><subfield code="a">ANE</subfield><subfield code="b">eng</subfield><subfield code="c">ANE</subfield><subfield code="d">OCLCQ</subfield><subfield code="d">OCLCF</subfield><subfield code="d">OCLCO</subfield></datafield><datafield ind1=" " ind2=" " tag="042"><subfield code="a">msc</subfield></datafield><datafield ind1=" " ind2=" " tag="043"><subfield code="a">n-us-ak</subfield></datafield><datafield ind1="0" ind2="0" tag="245"><subfield code="a">Daily radio news.</subfield></datafield><datafield ind1=" " ind2=" " tag="260"><subfield code="a">[Seattle] :</subfield><subfield code="b">Pacific Steamship Co.,</subfield><subfield code="c">1926-</subfield></datafield><datafield ind1=" " ind2=" " tag="300"><subfield code="a">v.</subfield></datafield><datafield ind1=" " ind2=" " tag="310"><subfield code="a">Daily</subfield></datafield><datafield ind1="0" ind2=" " tag="362"><subfield code="a">[Vol. 1, no. 1] (June 20, 1926)-</subfield></datafield><datafield ind1="1" ind2=" " tag="362"><subfield code="a">Ceased in 1926.</subfield></datafield><datafield ind1=" " ind2=" " tag="500"><subfield code="a">"Published on voyage number one of the Admiraline steamer 'Dorothy Alexander' from Seattle to Southeastern Alaska."</subfield></datafield><datafield ind1=" " ind2="0" tag="650"><subfield code="a">Ship newspapers</subfield><subfield code="z">Alaska.</subfield></datafield><datafield ind1=" " ind2="7" tag="650"><subfield code="a">Ship newspapers.</subfield><subfield code="2">fast</subfield><subfield code="0">(OCoLC)fst01116186</subfield></datafield><datafield ind1=" " ind2="7" tag="651"><subfield code="a">Alaska.</subfield><subfield code="2">fast</subfield><subfield code="0">(OCoLC)fst01204480</subfield></datafield><datafield ind1="2" ind2=" " tag="710"><subfield code="a">Pacific Steamship Co.</subfield></datafield></record>